@online{Ahamed,
  author = {Ahamed},
  title = {Studying the Feasibility and Importance of Software Testing: An Analysis},
  year = {2010},
  url = {https://arxiv.org/abs/1001.4193},
  urldate = {2023-01-14}
}

@online{Hansen,
  author = {Jordan Hansen},
  title = {Puppeteer on AWS Lambda},
  year = {2021},
  url = {https://oxylabs.io/blog/puppeteer-on-aws-lambda},
  urldate = {2022-11-04}
}

@online{Halley,
  author = {Evan Halley},
  title = {Retrieving AWS SSM Parameters with Node},
  year = {2021},
  url = {https://evanhalley.dev/post/aws-ssm-node},
  urldate = {2023-02-12}
}

@online{Puppeteer,
  author = {npm},
  title = {Puppeteer},
  year = {2023},
  available = {https://www.npmjs.com/package/puppeteer},
  accessed = {2023-03-02}
}

@online{Mocha,
  author = {Mochajs.org},
  title = {Mocha - the fun, simple, flexible JavaScript test framework},
  year = {2019},
  available = {https://mochajs.org/},
  accessed = {2023-01-16}
}