@online{arXiv.org,
  author = {Ahamed},
  title = {Studying the Feasibility and Importance of Software Testing: An Analysis},
  year = {2010},
  url = {https://arxiv.org/abs/1001.4193},
  urldate = {2023-02-21}
}
